<?xml version="1.0" encoding="UTF-8"?><collection xmlns="http://www.loc.gov/MARC21/slim"><record><leader>00346nam--2200121-i-4500</leader><controlfield tag="001">000028224</controlfield><controlfield tag="002">20161230</controlfield><controlfield tag="005">20161230201037</controlfield><controlfield tag="008">060222s1000------------r-----000-0-eng-d</controlfield><datafield ind1=" " ind2=" " tag="100"><subfield code="a">Lazzarino, Lucio</subfield></datafield><datafield ind1=" " ind2=" " tag="245"><subfield code="a">Condizioni tecniche per la navigabilita degli aeroplani civili a getto</subfield></datafield><datafield ind1=" " ind2=" " tag="260"><subfield code="a">Facolta D`Ingeneria Di Pisa, 1957. 10p</subfield></datafield><datafield ind1=" " ind2=" " tag="852"><subfield code="a">13862</subfield></datafield></record></collection>